% This file was created with JabRef 2.10.
% Encoding: UTF8


@online{wiki:atr,
author = {Various Authors},
title = {ATR 72. Aircraft description},
date = {4.02.16},
url = {https://en.wikipedia.org/wiki/ATR_72}
}

@online{wiki:boeing,
author = {Various Authors},
title = {Boeing 747. Aircraft description},
date = {4.02.16},
url = {https://en.wikipedia.org/wiki/Boeing_747}
}



@online{wiki:xml,
	author = {Various Authors},
	title = {eXtensible Markup Language (XML)},
	date = {23.01.15},
	url = {https://en.wikipedia.org/wiki/XML},
}


@Book{PerkinsHage,
  Title                    = {Airplane Performance Stability and Control},
  Author                   = {Perkins, C. D. and Hage, R. E.},
  Publisher                = {John Wiley \& Sons},
  Year                     = {1949},

  Address                  = {New York},

  ISBN                     = {9780471680468},
  Lccn                     = {49011899},
  Owner                    = {Orlando},
  Timestamp                = {2012.08.14},
  Url                      = {http://books.google.it/books?id=DHxTAAAAMAAJ}
}



@Other{Jacobs:NACA:Rep:648,
  Title                    = {Design Charts for Predicting Downwash Angles and Wake Characteristics behind Plain and Flapped Wings},
  Author                   = {Abe Silverstein and S. Katzoff},
  Institution              = {NASA Langley Research Center},
  Number                   = {NACA-TR-648},
  Timestamp                = {2012.08.16},
  Type                     = {techreport},
  Year                     = {1939}
}


@Book{sforza2014commercial,
  Title                    = {Commercial Airplane Design Principles},
  Author                   = {Sforza, P.M.},
  Publisher                = {Elsevier Science},
  Year                     = {2014},

  ISBN                     = {9780124199774},
  Url                      = {https://books.google.it/books?id=knhHAgAAQBAJ}
}


@Book{Abbott,
  Title                    = {Theory of Airfoil Sections},
  Author                   = {Abbott, I. H. and von Doenhoff, A. E.},
  Publisher                = {Dover},
  Year                     = {1959},

  Owner                    = {Orlando},
  Timestamp                = {2012.08.14}
}



@Other{NASA:Blackwell,
  Title                    = {A Finite-Step Method for Calculation of Theoretical Load Distributions for Arbitrary Lifting-Surface Arrangements at Subsonic Speeds},
  Author                   = {Blackwell, J. A. Jr},
  Institution              = {NASA},
  Location                 = {Washington, D.C.},
  Number                   = {NASA Technical Note D-5335},
  Owner                    = {NASA},
  Timestamp                = {2014.01.02},
  Year                     = {1969}
}

@Book{Book:Napolitano:2011,
  Title                    = {Aircraft Dynamics: From Modeling to Simulation},
  Author                   = {Napolitano, Marcello R.},
  Publisher                = {John Wiley},
  Year                     = {2012},

  ISBN                     = {978-0-4706-2667-2},
  Owner                    = {agodemar},
  Priority                 = {2},
  Timestamp                = {2012.05.12},
  Url                      = {http://www.amazon.com/Aircraft-Dynamics-From-Modeling-Simulation/dp/0470626674}
}


@online{wiki:xml,
	author = {Various Authors},
	title = {eXtensible Markup Language (XML)},
	date = {23.01.15},
	url = {https://en.wikipedia.org/wiki/XML},
}

@Book{schimidth,
  Title                    = {Modern Flight Dynamics},
  Author                   = {David Schmidt},
  Publisher                = {McGraw-Hill},
  Year                     = {2012},

  ISBN                     = {97800711339811}
}

@Book{roskam2002airplane,
  Title                    = {Airplane Design},
  Author                   = {Roskam, J.},
  Publisher                = {DARcorporation},
  Year                     = {2002},
  Number                   = {pt. 8},
  Series                   = {Airplane Design},

  ISBN                     = {9781884885556},
  Lccn                     = {97068580},
  Url                      = {https://books.google.it/books?id=GIHHFkd829cC}
}


@Book{philips,
  Title                    = {Mechanics of Flight},
  Author                   = {Warren F. Phillips},
  Publisher                = {John Wiley and Sons},
  Year                     = {2004},
  
  Url                      = {https://books.google.it/books/about/Mechanics_of_Flight.html?id=6-_iGbJHM-8C&redir_esc=y}
}

@MastersThesis{gambardella,
  Title                    = {Development of a Java-Based Framework for Aircraft Preliminary Design},
  Author                   = {Gambardella, D.},
  School                   = {University of Naples "Federico II"},
  Year                     = {2014},
  Type                     = {Master thesis},

  Owner                    = {noneLap},
  Timestamp                = {2015.01.03}
}

@Other{JavaFoil:website,
  Title                    = {Applet \emph{JavaFoil}},
  Author                   = {Hepperle, M.},
  Owner                    = {Orlando},
  Timestamp                = {2012.09.03},
  Url                      = {http://www.mh-aerotools.de/airfoils/javafoil.htm},
  Year                     = {2006}
}

@online{plotdigitizer,
	author = {Various Authors},
	title = {Plot Digitizer, description},
	date = {24.10.15},
	url = {http://plotdigitizer.sourceforge.net/},
}


@Other{nasaLift,
  Title                    = {The Lift Coefficient},
  Author                   = {Various Authors},
  Owner                    = {Orlando},
  Timestamp                = {2015.05.03},
  Url                      = {https://www.grc.nasa.gov/www/K-12/airplane/liftco.html},
  Year                     = {2006}
}



@Book{adas,
  Title                    = {BEHIND ADAS 1.0},
  Author                   = {Fabrizio Nicolosi, Giuseppe Paduano},
  Year                     = {2011},

  Location                 = {Napoli},
  Owner                    = {Orlando},
}


@Book{howe2000aircraft,
  Title                    = {Aircraft conceptual design synthesis},
  Author                   = {Howe, D.},
  Publisher                = {Professional Engineering Publishing},
  Year                     = {2000},
  Series                   = {Aerospace Series},

  ISBN                     = {9781860583018},
  Lccn                     = {2005440759},
  Url                      = {https://books.google.it/books?id=QJZTAAAAMAAJ}
}


@Book{nicolai2010fundamentals,
  Title                    = {Fundamentals of Aircraft and Airship Design},
  Author                   = {Nicolai, L.M. and Carichner, G.},
  Publisher                = {American Institute of Aeronautics and Astronautics},
  Year                     = {2010},
  Number                   = {v. 1},
  Series                   = {AIAA education series},

  ISBN                     = {9781600867514},
  Lccn                     = {2010012955},
  Url                      = {https://books.google.it/books?id=qA0oAQAAMAAJ}
}


@Book{kundu,
  Title                    = {Aircraft Design},
  Author                   = {Ajoy Kumar Kundu},
  Publisher                = {Cambridge University Press},
  Year                     = {2010},
}

@Book{manual,
  Title                    = {Springer Handbook of Mechanical Engineering},
  Author                   = {Karl-Heinrich Grote,Erik K. Antonsson},
  Publisher                = {Grote Antonsson}},
  Year                     = {2009},

  ISBN                     = {978-3-540-49131-6},
  Url                      = {https://books.google.it/books?id=9T5kd-ewRE8C&printsec=frontcover&hl=it&source=gbs_ge_summary_r&cad=0#v=onepage&q&f=false}
}

@Other{zlotnick,
  Title                    = {Theoretical Calculation of the Effect of The Fuselage on the Spanwise Lift Distribution on a Wing},
  Author                   = {Zlotnick, M., Diederich, F.W.,},
  Institution              = {NACA},
  Location                 = {Washington, D.C.},
  Number                   = {NACA RM L51J19},
  Owner                    = {NACA},
  Year                     = {1952},
}



@Book{roskammethods,
  Title                    = {Methods for Estimating Stability and Control Derivatives of Conventional Subsonic Airplanes},
  Author                   = {Roskam, J.},
  Publisher                = {published by the author},
  Year                     = {1971},

 }



@Book{airf,
  Title                    = {Volume II. Flying Qualities Phase. Chapter 5: Longitudinal Static Stability.},
  Author                   = {AIR FORCE TEST PILOT SCHOOL EDWARDS AFB CA},
  Publisher                = {published by the author},
  Year                     = {OCT 1990},

 }



@Book{obert2009aerodynamic,
  Title                    = {Aerodynamic Design of Transport Aircraft},
  Author                   = {Obert, E.},
  Publisher                = {IOS Press},
  Year                     = {2009},

  ISBN                     = {9781607504078},
  Url                      = {https://books.google.it/books?id=axPvAgAAQBAJ}
}


@Other{Young:Flaps,
  Title                    = {The Aerodynamic Characteristics of Flaps},
  Author                   = {Young, A.D.},
  Institution              = {Ministry of Supply},
  Number                   = {R.A.E. Report Aero. 2185},
  Type                     = {Technical Report},
  Year                     = {1947}
}



@Other{fuselageunina,
  Title                    = {Fuselage aerodynamic prediction methods},
  Author                   = {F. Nicolosi and P. Della Vecchia and D. Ciliberti and V.Cusati and L. Attanasio},
  Institution              = {University of Naples Federico II},
  Location                 = {Naples},
  Year                     = {2015},
}


@Other{adoptunina,
  Title                    = {A Java desktop application for Aircraft Preliminary Design},
  Author                   = {A. De Marco and F. Nicolosi and L. Attanasio and P. Della Vecchia},
  Institution              = {University of Naples Federico II},
  Location                 = {Naples},
  Year                     = {2015},
}


@Book{aircraft,
  Title                    = {Aircraft conceptual design },
  Author                   = {Mohammad Sadraey, Daniel Webster College},
  Year                     = {2012},
}

@MastersThesis{attanasio,
  Title                    = {Development of a Java Application for Parametric Aircraft Design},
  Author                   = {Attanasio, L.},
  School                   = {University of Naples "Federico II"},
  Year                     = {2014},
  Type                     = {Master thesis},

}

@Book{torenbeek2013advanced,
  Title                    = {Advanced Aircraft Design: Conceptual Design, Technology and Optimization of Subsonic Civil Airplanes},
  Author                   = {Torenbeek, E.},
  Publisher                = {Wiley},
  Year                     = {2013},
  Series                   = {Aerospace Series},

  ISBN                     = {9781118568095},
  Lccn                     = {2013013333},
  Url                      = {https://books.google.it/books?id=C0gUyoYewhoC}
}


@Other{javaoracle,
  Title                    = {The Java Language Specification},
  Author                   = {James Gosling, Bill Joy, Guy Steele, Gilad Bracha, Alex Buckley},
  Year                     = {2015},
}


@Other{java,
  Title                    = {1.2 Design Goals of the Java Programming Language},
  Author                   = {Oracle},
  Year                     = {2013},
}

@online{wiki:java,
author = {Various Authors},
title = {Java (programming language)},
date = {17.02.16},
url = {https://en.wikipedia.org/wiki/Java_(programming_language)}
}

@Electronic{doxgen,
  Title                    = {Doxygen},
  Author                   = {Van Heesch, Dimitri},
  Url                      = {www.doxygen.org},
  Year                     = {1997-2014},

  Owner                    = {noneLap},
  Timestamp                = {2015.01.03}
}

@online{induced,
author = {Various Authors},
title = {Induced and Effective AOA for a Wing},
Owner  = {Georgia Tech},
date = {17.02.16},
url = {http://gtae6343.wikia.com/wiki/Angle_of_Attack#cite_ref-1}
}

@online{suave,
author = {Various Authors},
title = {SUAVE: AN AEROSPACE VEHICLE ENVIRONMENT FOR DESIGNING FUTURE AIRCRAFT},
Owner  = {Aerospace Design Lab at Stanford University},
date = {26.02.16},
url = {http://suave.stanford.edu/}
}


@Other{Slinger,
  Title                    = {Prediction of Tail Downwash, Ground Effect and Minimum Unstick Speed of Jet Transport Aircraft},
  Author                   = {R. Slingerland},
  Year                     = {2015},
}

@Other{uninagiordano,
  Title                    = {Alcune considerazioni sul downwash dell'ala},
  Author                   = {Vincenzo Giordano},
  Year                     = {1966},
}


Other{Jacobs:NACA:Rep:648,
  Title                    = {DESIGN CHARTS FOR PREDICTING DOWNWASH ANGLES AND WAKE CHARACTERISTICS BEHIND PLAIN AND FLAPPED WINGS},
  Author                   = {ABE SILVERSTEIN and S. KATZOFF},
  Institution              = {NASA Langley Research Center},
  Number                   = {NACA-TR-648},
  Type                     = {techreport},
}

@Book{Abbott,
  Title                    = {Theory of Airfoil Sections},
  Author                   = {Abbott, I. H. and von Doenhoff, A. E.},
  Publisher                = {Dover},
  Year                     = {1959},

  Owner                    = {Orlando},
  Timestamp                = {2012.08.14}
}

@online{adapco,
author = {Various Authors},
title = {What is CFD?},
url = {http://www.cd-adapco.com/}
}

@book{torenbeek1976,
	author = {Torenbeek, E.},
	title = {Synthesis of Subsonic Aircraft Design},
	date = {1976},
}

@online{hdf,
	author = {The HDF Group},
	title = {HDF},
	date = {01.16.2015},
	url = {http://www.hdfgroup.org/HDF5/},
}



@Other{XFoil:website,
  Title                    = {XFoil, Subsonic Airfoil Development System},
  Author                   = {Drela, M. and Youngren, H.},
  Owner                    = {Orlando},
  Timestamp                = {2012.09.03},
  Url                      = {http://web.mit.edu/drela/Public/web/xfoil/},
  Year                     = {2008}
}


@Book{jenkinson1999civil,
  Title                    = {Civil jet aircraft design},
  Author                   = {Jenkinson, L.R. and Rhodes, D. and Simpkin, P.},
  Publisher                = {Arnold},
  Year                     = {1999},
  Series                   = {AIAA education series},

  ISBN                     = {9780340741528},
  Lccn                     = {99022190},
  Url                      = {https://books.google.it/books?id=6tMeAQAAIAAJ}
}




@Book{McCormick,
  Title                    = {Aerodynamics, Aeronautics, and Flight Mechanics},
  Author                   = {B. W. McCormick},
  Publisher                = {John Wiley \& Sons},
  Year                     = {1979}
}

@Book{roskam1999airplane,
  Title                    = {Airplane Design},
  Author                   = {Roskam, J.},
  Publisher                = {DARcorporation},
  Year                     = {1999},
  Number                   = {pt. 5},
  Series                   = {Airplane Design},

  ISBN                     = {9781884885501},
  Lccn                     = {97068580},
  Url                      = {https://books.google.it/books?id=mMU47Ld7yQkC}
}



@Book{HoweBook,
  Title                    = {Aircraft Loading and Structural Layout},
  Author                   = {D. Howe},
  Publisher                = {AIAA Education Series},
  Year                     = {2004},

  Owner                    = {Orlando},
  Timestamp                = {2012.08.14}
}




@Book{torenbeek1982synthesis,
  Title                    = {Synthesis of Subsonic Airplane Design: An Introduction to the Preliminary Design of Subsonic General Aviation and Transport Aircraft, with Emphasis on Layout, Aerodynamic Design, Propulsion and Performance},
  Author                   = {Torenbeek, E.},
  Publisher                = {Springer},
  Year                     = {1982},

  ISBN                     = {9789024727247},
  Lccn                     = {82012469},
  Url                      = {https://books.google.it/books?id=NG2\_qiSjmMEC}
}



@online{jfreechart,
	author = {Gilbert, D. et al},
	title = {JFreeChart},
	date = {01.16.2015},
	url = {http://www.jfree.org/jfreechart/},
}



@online{args4j,
	author = {Kawaguchi, K.},
	title = {Args4j},
	date = {01.28.15},
	url = {http://args4j.kohsuke.org/},
}

@Book{javareference,
  Title                    = {An Introduction to Object-Oriented Programming},
  Author                   = {Timothy Budd},
  Publisher                = {Addison-Wesley},
  Year                     = {2002},

  ISBN                     = {0-201-76031-2},
  Url                      = {http://web.engr.oregonstate.edu/~budd/Books/oopintro3e/}
}
