% Encoding: UTF8

@MastersThesis{attanasio,
  Title                    = {Development of a Java Application for Parametric Aircraft Design},
  Author                   = {Attanasio, L.},
  School                   = {University of Naples "Federico II"},
  Year                     = {2014},
  Type                     = {Master thesis},
  Owner                    = {noneLap},
}

@Book{janes,
  Title                    = {Jane’s All the World’s Aircraft},
  Author                   = {Jackson, P. and FRAeS},
  Publisher                = {Jane's Information Group},
  Year                     = {2004-2005},
  Series                   = {Jane's All the World's Aircraft},

  ISBN                     = {0710626142},
  Url                      = {https://www.ihs.com/products/janes-all-the-worlds-aircraft-in-service.html}
}

@Book{abbott,
  Title                    = {Theory Of Wing Sections},
  Author                   = {Abbott, H.I. and Von Doenhoff, E.A.},
  Publisher                = {Dover Publications, Inc.},
  Year                     = {1949},

  ISBN                     = {0486605868},
  Url                      = {http://store.doverpublications.com/0486605868.html}
}

@Book{Lausetti:decollo,
  Title                    = {Decollo e atterramento di aeroplani, idrovolanti trasportati},
  Author                   = {Lausetti, A.},
  Publisher                = {Levrotto \& Bella Editrice S.a.s.},
  Year                     = {1992}
}

@Book{howe2000aircraft,
  Title                    = {Aircraft conceptual design synthesis},
  Author                   = {Howe, D.},
  Publisher                = {Professional Engineering Publishing},
  Year                     = {2000},
  Series                   = {Aerospace Series},

  ISBN                     = {9781860583018},
  Lccn                     = {2005440759},
  Url                      = {https://books.google.it/books?id=QJZTAAAAMAAJ}
}

@Book{jenkinson1999civil,
  Title                    = {Civil jet aircraft design},
  Author                   = {Jenkinson, L.R. and Rhodes, D. and Simpkin, P.},
  Publisher                = {Arnold},
  Year                     = {1999},
  Series                   = {AIAA education series},

  ISBN                     = {9780340741528},
  Lccn                     = {99022190},
  Url                      = {https://books.google.it/books?id=6tMeAQAAIAAJ}
}

@Book{McCormick,
  Title                    = {Aerodynamics, Aeronautics, and Flight Mechanics},
  Author                   = {B. W. McCormick},
  Publisher                = {John Wiley \& Sons},
  Year                     = {1979}
}

@Book{nicolai2010fundamentals,
  Title                    = {Fundamentals of Aircraft and Airship Design},
  Author                   = {Nicolai, L.M. and Carichner, G.},
  Publisher                = {American Institute of Aeronautics and Astronautics},
  Year                     = {2010},
  Number                   = {v. 1},
  Series                   = {AIAA education series},

  ISBN                     = {9781600867514},
  Lccn                     = {2010012955},
  Url                      = {https://books.google.it/books?id=qA0oAQAAMAAJ}
}

@Book{obert2009aerodynamic,
  Title                    = {Aerodynamic Design of Transport Aircraft},
  Author                   = {Obert, E.},
  Publisher                = {IOS Press},
  Year                     = {2009},

  ISBN                     = {9781607504078},
  Url                      = {https://books.google.it/books?id=axPvAgAAQBAJ}
}

@Book{raymer2013aircraft,
  Title                    = {Aircraft Design / RDS-Student: A Conceptual Approach},
  Author                   = {Raymer, D.P.},
  Publisher                = {Amer Inst of Aeronautics \&},
  Year                     = {2013},
  Series                   = {AIAA Education Series},

  ISBN                     = {9781600869211},
  Url                      = {https://books.google.it/books?id=bvxllgEACAAJ}
}

@Book{sadraey2012aircraft,
  Title                    = {Aircraft Design: A Systems Engineering Approach},
  Author                   = {Sadraey, M.H.},
  Publisher                = {Wiley},
  Year                     = {2012},
  Series                   = {Aerospace Series},

  ISBN                     = {9781118352809},
  Lccn                     = {2012011433},
  Url                      = {https://books.google.it/books?id=VT-Tc3Tx5aEC}
}

@Book{sforza2014commercial,
  Title                    = {Commercial Airplane Design Principles},
  Author                   = {Sforza, P.M.},
  Publisher                = {Elsevier Science},
  Year                     = {2014},

  ISBN                     = {9780124199774},
  Url                      = {https://books.google.it/books?id=knhHAgAAQBAJ}
}

@Book{torenbeek2013advanced,
  Title                    = {Advanced Aircraft Design: Conceptual Design, Technology and Optimization of Subsonic Civil Airplanes},
  Author                   = {Torenbeek, E.},
  Publisher                = {Wiley},
  Year                     = {2013},
  Series                   = {Aerospace Series},

  ISBN                     = {9781118568095},
  Lccn                     = {2013013333},
  Url                      = {https://books.google.it/books?id=C0gUyoYewhoC}
}

@Book{torenbeek1982synthesis,
  Title                    = {Synthesis of Subsonic Airplane Design: An Introduction to the Preliminary Design of Subsonic General Aviation and Transport Aircraft, with Emphasis on Layout, Aerodynamic Design, Propulsion and Performance},
  Author                   = {Torenbeek, E.},
  Publisher                = {Springer},
  Year                     = {1982},

  ISBN                     = {9789024727247},
  Lccn                     = {82012469},
  Url                      = {https://books.google.it/books?id=NG2\_qiSjmMEC}
}

@Book{torenbeek1998cruise,
  Title                    = {Optimum Cruise Performance of Subsonic Transport Aircraft},
  Author                   = {Torenbeek, E.},
  Publisher                = {Delft University Press},
  Year                     = {1998},
}

@Book{hilton1951high,
  Title                    = {High-speed Aerodynamics},
  Author                   = {Hilton, W.F.},
  Publisher                = {Longmans, Green},
  Year                     = {1951},

  Lccn                     = {51010398},
  Url                      = {https://books.google.it/books?id=\_RRFAAAAMAAJ}
}

@book{stanford:kroo,
	author = {Kroo, I. and Shevell, R.},
	title = {Aircraft Design: Synthesis and Analysis},
	date = {1999},
}

@book{raymer1992,
	author = {Raymer, D.P.},
	title = {Aircraft Design: A Conceptual Approach},
	date = {1992},
}

@Other{Young:Flaps,
  Title                    = {The Aerodynamic Characteristics of Flaps},
  Author                   = {Young, A.D.},
  Institution              = {Ministry of Supply},
  Number                   = {R.A.E. Report Aero. 2185},
  Type                     = {Technical Report},
  Year                     = {1947}
}

@Other{Ciornei:CriticalMach,
  Title                    = {Mach number, relative thickness, sweep and lift coefficient of the wing - An empirical investigation of parameters and equations},
  Author                   = {Ciornei, S.},
  Institution              = {Hamburg University of Applied Sciences},
  Type                     = {Paper},
  Year                     = {31.05.2005}
}

@book{adas,
  Title                    = {Behind ADAS},
  Author                   = {Nicolosi, F. and Paduano, G.},
  Type                     = {Developer Guide},
  Year                     = {2011}
}

@online{jscienceAmount,
	author = {Jean-Marie Dautelle},
	title = {Jscience},
	date = {2015.01.05},
	url = {http://jscience.org/api/org/jscience/physics/amount/Amount.html},
}

@online{jfreechart,
	author = {Gilbert, D. et al},
	title = {JFreeChart},
	url = {http://www.jfree.org/jfreechart/},
}

@online{hdf,
	author = {The HDF Group},
	title = {HDF},
	url = {https://www.hdfgroup.org/products/java/hdf-java-html/javadocs/ncsa/hdf/hdf5lib/H5.html },
}

@online{huwaldt:atmo,
	author = {Huwaldt, J.},
	title = {1976 Standard Atmosphere Program},
	url = {http://thehuwaldtfamily.org/java/Applications/StdAtmosphere/StdAtmosphere.html},
}

@book{torenbeek1976,
	author = {Torenbeek, E.},
	title = {Synthesis of Subsonic Aircraft Design},
	date = {1976},
}

@online{wiki:xml,
	author = {Various Authors},
	title = {eXtensible Markup Language (XML)},
	url = {https://en.wikipedia.org/wiki/XML},
}

@online{wiki:atr72,
	author = {Various Authors},
	title = {ATR 72},
	url = {https://en.wikipedia.org/wiki/ATR_72},
}

@online{wiki:b747,
	author = {Various Authors},
	title = {Boeing 747},
	url = {https://en.wikipedia.org/wiki/Boeing_747},
}

@online{args4j,
	author = {Kawaguchi, K.},
	title = {Args4j},
	url = {http://args4j.kohsuke.org/},
}

@online{listAPI,
	author = {Oracle Corporation},
	title = {List},
	url = {https://docs.oracle.com/javase/8/docs/api/java/util/List.html},
}

@online{enumAPI,
	author = {Oracle Corporation},
	title = {Enumeration},
	url = {https://docs.oracle.com/javase/8/docs/api/java/util/Enumeration.html},
}