% Encoding: UTF8

@online{Amount,
  Author                   = {JScience Group},
  Title                    = {Amount},
  url                      = {http://jscience.org/api/org/jscience/physics/amount/Amount.html}
}

@online{JavaList,
  Author                   = {Oracle Corporation},
  Title                    = {List},
  url                      = {https://docs.oracle.com/javase/8/docs/api/java/util/List.html}
}

@online{PVector,
  Author                   = {Various Authors},
  Title                    = {Processing Foundation},
  url                      = {https://processing.org/reference/PVector.html}
}

@online{wikiAbstractFactoryPattern,
  Author                   = {Various Authors},
  Title                    = {Abstract Factory Pattern},
  url                      = {https://en.wikipedia.org/wiki/Abstract_factory_pattern}
}

@online{wikiDesignPatterns,
  Author                   = {Various Authors},
  Title                    = {Software Design Patterns},
  url                      = {https://en.wikipedia.org/wiki/Software_design_pattern}
}

@online{webOpenCASCADE,
  Author                   = {Various Authors},
  Title                    = {Open CASCADE Technology (OCCT)},
  url                      = {https://www.opencascade.com/content/overview}
}

@online{webSWIG,
  Author                   = {Various Authors},
  Title                    = {Simplified Wrapper and Interface Generator (SWIG)},
  url                      = {http://www.swig.org/}
}

@Book{AIAApaperHaimesDrela,
  author				   = {Haimes, R. and Drela, M.},
  title					   = {On The Construction of Aircraft Conceptual Geometry for High-Fidelity Analysis and Design},
  publisher				   = {50th AIAA Aerospace Sciences Meeting including the New Horizons Forum and Aerospace Exposition},
  date					   = {9-12 January 2012},
  location				   = {Nashville, Tennessee}
}

@Book{AIAApaperKenwayKennedy,
  author				   = {Kenway, G.K.W. and Kennedy, G.J. and Martins, J.R.R.A.},
  title					   = {A CAD-Free Approach to High-Fidelity Aerostructural Optimization},
  publisher				   = {13th AIAA/ISSMO Multidisciplinary Analysis Optimization Conference},
  date					   = {13-15 September 2010},
  location				   = {Fort Worth, Texas}
}

@Book{nicolai2010fundamentals,
  Title                    = {Fundamentals of Aircraft and Airship Design},
  Author                   = {Nicolai, L.M. and Carichner, G.},
  Publisher                = {American Institute of Aeronautics and Astronautics},
  Year                     = {2010},
  Series                   = {AIAA education series},
}

@Book{roskamAirplane,
  Title                    = {Airplane Design},
  Author                   = {Roskam, J.},
  Publisher                = {DARcorporation},
  Year                     = {2000},
  Number                   = {pt. 1-6},
  Series                   = {Airplane Design},
}

@Book{torenbeekAAD,
  Title                    = {Advanced Aircraft Design},
  Author                   = {Torenbeek, E.},
  Publisher                = {Wiley},
  Year                     = {2013}
}

@online{xmlWiki,
  Author                   = {Various Authors},
  Title                    = {eXtensible Markup Language (XML)},
  url                      = {https://en.wikipedia.org/wiki/XML}
}

@online{SUAVEProject,
  Author 				   = {Aerospace Design Lab at Stanford University},
  Title                    = {SUAVE - An Aerospace Vehicle Environment for Designing Future Aircraft},
  url                      = {http://suave.stanford.edu/}
}

@online{HDFWiki,
  Author                   = {Various Authors},
  Title                    = {Hierarchical Data Format (HDF)},
  url                      = {https://en.wikipedia.org/wiki/Hierarchical_Data_Format}
}

@online{JavaEnum,
  Author                   = {Oracle Corporation},
  Title                    = {Java Enum Types},
  url                      = {https://docs.oracle.com/javase/tutorial/java/javaOO/enum.html}
}

@Book{paperCADinAero,
  author				   = {Ronzheimer, A.},
  title					   = {CAD in Aerodynamic Aircraft Design},
  publisher				   = {Deutscher Luft- und Raumfahrtkongress},
  date					   = {2017},
  location				   = {Braunschweig, Germany}
}

@online{args4j,
  author                   = {Kawaguchi, K.},
  title                    = {Args4j},
  url                      = {http://args4j.kohsuke.org/}
}

@Book{STARCCMUserGuide,
  Title                    = {STAR-CCM+ v12.04 User Guide},
  Author                   = {Various Authors},
  Publisher                = {Siemens PLM Software},
  Year                     = {2017}
}

@online{BuilderPatternWiki,
  Author                   = {Various Authors},
  Title                    = {Builder Pattern},
  url                      = {https://en.wikipedia.org/wiki/Builder_pattern}
}

@online{JavaMap,
  Author                   = {Oracle Corporation},
  Title                    = {Map},
  url                      = {https://docs.oracle.com/javase/8/docs/api/java/util/Map.html}
}

@online{JavaFile,
  Author                   = {Oracle Corporation},
  Title                    = {File},
  url                      = {https://docs.oracle.com/javase/8/docs/api/java/io/File.html}
}

@online{JavaFXPlatform,
  Author                   = {Oracle Corporation},
  Title                    = {JavaFX},
  url                      = {https://docs.oracle.com/javafx/2/overview/jfxpub-overview.htm}
}







